@inproceedings{Riddoch12,
    author = {Riddoch, Malcolm},
    booktitle = {International Computer Music Conference},
    citeulike-article-id = {14396738},
    citeulike-linkout-0 = {https://www.researchgate.net/publication/287059674\_On\_the\_non-cochlearity\_of\_the\_sounds\_themselves},
    posted-at = {2017-07-20 09:03:17},
    priority = {2},
    title = {On the non-cochlearity of the sounds themselves},
    year = {2012}
}

@book{Whitney80,
    author = {Whitney, John},
    citeulike-article-id = {14396739},
    isbn = {9780070700154},
    posted-at = {2017-07-20 09:06:07},
    priority = {2},
    title = {Digital harmony: on the complementarity of music and visual art},
    year = {1980}
}

@phdthesis{Haga08,
    author = {Haga, Egil},
    citeulike-article-id = {14396740},
    citeulike-linkout-0 = {http://www.worldcat.org/oclc/643005110},
    institution = {University of Oxford},
    posted-at = {2017-07-20 09:07:20},
    priority = {2},
    publisher = {Faculty of Humanities, University of Oslo},
    title = {Correspondences between music and body movement},
    year = {2008}
}